<record><leader>00000cas a22000007a 4500</leader><controlfield tag="001">21633086</controlfield><controlfield tag="008">900530d1880188umouwr ne      0    0eng d</controlfield><datafield ind1=" " ind2=" " tag="010"><subfield code="a">sn 90061902 </subfield></datafield><datafield ind1=" " ind2=" " tag="040"><subfield code="a">MQN</subfield><subfield code="b">eng</subfield><subfield code="c">MQN</subfield><subfield code="d">OCLCQ</subfield></datafield><datafield ind1=" " ind2=" " tag="042"><subfield code="a">msc</subfield></datafield><datafield ind1="0" ind2="0" tag="245"><subfield code="a">Warrenton sentinel.</subfield></datafield><datafield ind1=" " ind2=" " tag="260"><subfield code="a">Warrenton, Mo. :</subfield><subfield code="b">Boehmer &amp; Schierbaum</subfield></datafield><datafield ind1=" " ind2=" " tag="300"><subfield code="a">v.</subfield></datafield><datafield ind1=" " ind2=" " tag="310"><subfield code="a">Weekly</subfield></datafield><datafield ind1="1" ind2=" " tag="362"><subfield code="a">Began in 1880? Ceased in 1882?</subfield></datafield><datafield ind1=" " ind2=" " tag="588"><subfield code="a">Description based on: Vol. 1, no. 20 (Sept. 21, 1880).</subfield></datafield><datafield ind1=" " ind2=" " tag="752"><subfield code="a">United States</subfield><subfield code="b">Missouri</subfield><subfield code="c">Warren</subfield><subfield code="d">Warrenton.</subfield></datafield></record>